<?xml version="1.0" encoding="UTF-8"?>
<record>
  <leader>01888nai a2200445 a 4500</leader>
  <controlfield tag="005">19991027063034.0</controlfield>
  <controlfield tag="006">m        e        </controlfield>
  <controlfield tag="007">cr cn ||||||||</controlfield>
  <controlfield tag="008">991027c19uu9999enkkr wssbc   0   a2eng d</controlfield>
  <controlfield tag="001">991006913639703811</controlfield>
  <datafield tag="035" ind1=" " ind2=" ">
    <subfield code="a">(PPT)b19561908-01tuli_inst</subfield>
  </datafield>
  <datafield tag="035" ind1=" " ind2=" ">
    <subfield code="a">PATG99-D56</subfield>
  </datafield>
  <datafield tag="040" ind1=" " ind2=" ">
    <subfield code="a">MH</subfield>
    <subfield code="c">MH</subfield>
    <subfield code="d">CStRLIN</subfield>
    <subfield code="d">NIC</subfield>
    <subfield code="d">PPT</subfield>
  </datafield>
  <datafield tag="043" ind1=" " ind2=" ">
    <subfield code="a">e-uk---</subfield>
    <subfield code="a">n-us---</subfield>
  </datafield>
  <datafield tag="090" ind1=" " ind2=" ">
    <subfield code="a">Z2002</subfield>
    <subfield code="b">.E54x</subfield>
  </datafield>
  <datafield tag="130" ind1="0" ind2=" ">
    <subfield code="a">English short title catalogue (Online)</subfield>
  </datafield>
  <datafield tag="245" ind1="0" ind2="0">
    <subfield code="a">English short title catalogue</subfield>
    <subfield code="h">[electronic resource].</subfield>
  </datafield>
  <datafield tag="246" ind1="3" ind2=" ">
    <subfield code="a">English short title catalog</subfield>
  </datafield>
  <datafield tag="246" ind1="1" ind2=" ">
    <subfield code="i">Also known as:</subfield>
    <subfield code="a">ESTC</subfield>
  </datafield>
  <datafield tag="260" ind1=" " ind2=" ">
    <subfield code="a">London :</subfield>
    <subfield code="b">British Library</subfield>
  </datafield>
  <datafield tag="590" ind1=" " ind2=" ">
    <subfield code="a">Access available to the Temple Community through use of a networked computer with a Temple IP address.</subfield>
  </datafield>
  <datafield tag="500" ind1=" " ind2=" ">
    <subfield code="a">Title from database information screen (publisher's website, viewed Oct. 12, 2007).</subfield>
  </datafield>
  <datafield tag="538" ind1=" " ind2=" ">
    <subfield code="a">Mode of access: World Wide Web.</subfield>
  </datafield>
  <datafield tag="500" ind1=" " ind2=" ">
    <subfield code="a">Enhanced and renamed version of the Eighteenth century short title catalogue.</subfield>
  </datafield>
  <datafield tag="500" ind1=" " ind2=" ">
    <subfield code="a">Updated daily.</subfield>
  </datafield>
  <datafield tag="520" ind1=" " ind2=" ">
    <subfield code="a">Describes English or English-language letterpress materials published before 1801. Contains records for items of all types published in Great Britain or its colonies or in English from 1473 to 1800.</subfield>
  </datafield>
  <datafield tag="610" ind1="2" ind2="0">
    <subfield code="a">ESTC (Project)</subfield>
  </datafield>
  <datafield tag="650" ind1=" " ind2="0">
    <subfield code="a">English imprints</subfield>
    <subfield code="v">Databases.</subfield>
  </datafield>
  <datafield tag="650" ind1=" " ind2="0">
    <subfield code="a">Early printed books</subfield>
    <subfield code="z">Great Britain</subfield>
    <subfield code="v">Bibliography.</subfield>
  </datafield>
  <datafield tag="650" ind1=" " ind2="0">
    <subfield code="a">Early printed books</subfield>
    <subfield code="z">United States</subfield>
    <subfield code="v">Bibliography.</subfield>
  </datafield>
  <datafield tag="651" ind1=" " ind2="0">
    <subfield code="a">Great Britain</subfield>
    <subfield code="v">Imprints</subfield>
    <subfield code="v">Databases.</subfield>
  </datafield>
  <datafield tag="651" ind1=" " ind2="0">
    <subfield code="a">United States</subfield>
    <subfield code="v">Imprints</subfield>
    <subfield code="v">Databases.</subfield>
  </datafield>
  <datafield tag="655" ind1=" " ind2="7">
    <subfield code="a">Online databases.</subfield>
    <subfield code="2">local</subfield>
  </datafield>
  <datafield tag="710" ind1="2" ind2=" ">
    <subfield code="a">British Library.</subfield>
  </datafield>
  <datafield tag="730" ind1="0" ind2=" ">
    <subfield code="a">Eighteenth century short title catalogue.</subfield>
  </datafield>
  <datafield tag="856" ind1="4" ind2="0">
    <subfield code="z">Acccess electronic resource through Eureka</subfield>
    <subfield code="u">http://libproxy.temple.edu/login?url=http://estc.bl.uk/</subfield>
  </datafield>
  <datafield tag="907" ind1=" " ind2=" ">
    <subfield code="a">.b19561908</subfield>
    <subfield code="b">w    </subfield>
    <subfield code="c">-</subfield>
  </datafield>
  <datafield tag="902" ind1=" " ind2=" ">
    <subfield code="a">150220</subfield>
  </datafield>
  <datafield tag="998" ind1=" " ind2=" ">
    <subfield code="b">1</subfield>
    <subfield code="c">991028</subfield>
    <subfield code="d">m</subfield>
    <subfield code="e">m</subfield>
    <subfield code="f">-</subfield>
    <subfield code="g">0</subfield>
  </datafield>
  <datafield tag="902" ind1=" " ind2=" ">
    <subfield code="a">e-resource trial</subfield>
  </datafield>
  <datafield tag="945" ind1=" " ind2=" ">
    <subfield code="l">w    </subfield>
    <subfield code="g">1</subfield>
  </datafield>
</record>
